<record><leader>00000cas a22000007a 4500</leader><controlfield tag="001">11712394</controlfield><controlfield tag="008">850220d18691904ohucr ne      0    0eng d</controlfield><datafield ind1=" " ind2=" " tag="010"><subfield code="a">sn 85038099 </subfield></datafield><datafield ind1=" " ind2=" " tag="040"><subfield code="a">NPY</subfield><subfield code="b">eng</subfield><subfield code="c">NPY</subfield><subfield code="d">NPX</subfield><subfield code="d">NPY</subfield><subfield code="d">NPU</subfield><subfield code="d">ONP</subfield><subfield code="d">OCLCQ</subfield></datafield><datafield ind1=" " ind2=" " tag="042"><subfield code="a">msc</subfield></datafield><datafield ind1="0" ind2=" " tag="130"><subfield code="a">M'Connelsville herald (McConnelsville, Ohio : 1869)</subfield></datafield><datafield ind1="1" ind2="4" tag="245"><subfield code="a">The M'Connelsville herald.</subfield></datafield><datafield ind1="3" ind2="0" tag="246"><subfield code="a">McConnelsville herald</subfield></datafield><datafield ind1=" " ind2=" " tag="260"><subfield code="a">M'Connelsville, Ohio :</subfield><subfield code="b">A. Kahler &amp; Son,</subfield><subfield code="c">1869-</subfield></datafield><datafield ind1=" " ind2=" " tag="300"><subfield code="a">v. :</subfield><subfield code="b">ill. (chiefly advertisements) ;</subfield><subfield code="c">67 cm.</subfield></datafield><datafield ind1=" " ind2=" " tag="310"><subfield code="a">Semiweekly,</subfield><subfield code="b">Jan. 4, 1893-Oct. 1904</subfield></datafield><datafield ind1=" " ind2=" " tag="321"><subfield code="a">Weekly,</subfield><subfield code="b">Jan. 1, 1869-Dec. 30, 1892</subfield></datafield><datafield ind1="0" ind2=" " tag="362"><subfield code="a">Vol. 27, no. 1 (Jan. 1, 1869)- = Whole no. 1301-</subfield></datafield><datafield ind1="1" ind2=" " tag="362"><subfield code="a">Ceased in Oct. 1904.</subfield><subfield code="z">Cf. Gutgesell, S. Guide to Ohio newspapers, 1974.</subfield></datafield><datafield ind1=" " ind2=" " tag="500"><subfield code="a">Published as: McConnelsville herald, &lt;Aug. 1876&gt;.</subfield></datafield><datafield ind1=" " ind2=" " tag="500"><subfield code="a">Editor: W.W. Pyle, 1869-&lt;1870&gt;.</subfield></datafield><datafield ind1=" " ind2=" " tag="500"><subfield code="a">Publisher: J.R. Foulke &amp; Co., &lt;1876&gt;.</subfield></datafield><datafield ind1=" " ind2=" " tag="500"><subfield code="a">"Republican."</subfield></datafield><datafield ind1="1" ind2=" " tag="700"><subfield code="a">Pyle, Will W.</subfield></datafield><datafield ind1=" " ind2=" " tag="752"><subfield code="a">United States</subfield><subfield code="b">Ohio</subfield><subfield code="c">Morgan</subfield><subfield code="d">McConnelsville.</subfield></datafield><datafield ind1="0" ind2="0" tag="780"><subfield code="t">Morgan County herald (McConnelsville, Ohio : 1861)</subfield><subfield code="w">(DLC)sn 85038098</subfield></datafield><datafield ind1="0" ind2="7" tag="785"><subfield code="t">Morgan County leader</subfield><subfield code="w">(DLC)sn 87075003</subfield></datafield><datafield ind1="0" ind2="7" tag="785"><subfield code="t">Herald-leader (McConnelsville, Ohio)</subfield><subfield code="w">(DLC)sn 87075007</subfield></datafield></record>